
@ARTICLE{Adolph2020-rj,
  title     = "Oh, Behave!: {P}residential {A}ddress, {XXth} International
               Conference on Infant Studies New Orleans, {LA}, {US} May 2016",
  author    = "Adolph, K.E.",
  journal   = "Infancy: The official journal of the International Society on
               Infant Studies",
  publisher = "Wiley Online Library",
  volume    =  25,
  number    =  4,
  pages     = "374--392",
  month     =  jul,
  year      =  2020,
  url       = "http://dx.doi.org/10.1111/infa.12336",
  language  = "en",
  issn      = "1525-0008, 1532-7078",
  pmid      = "33100922",
  doi       = "10.1111/infa.12336",
  pmc       = "PMC7580788"
}

@ARTICLE{Gilmore2017-wd,
  title    = "Video can make behavioural science more reproducible",
  author   = "R.O. Gilmore and K.E Adolph",
  journal  = "Nature human behaviour",
  volume   =  1,
  number   =  7,
  month    =  jun,
  year     =  2017,
  url      = "https://www.nature.com/articles/s41562-017-0128",
  language = "en",
  issn     = "2397-3374",
  pmid     = "30775454",
  doi      = "10.1038/s41562-017-0128",
  pmc      = "PMC6373476"
}

@MISC{Adolph_KE_Gilmore_RO_Kennedy_JL2017-va,
  title        = "Video as data and documentation will improve psychological
                  science",
  author       = "{Adolph, K.E., Gilmore, R.O., \& Kennedy, J.L.}",
  year         =  2017,
  url          = "https://www.apa.org/science/about/psa/2017/10/video-data",
  howpublished = "\url{https://www.apa.org/science/about/psa/2017/10/video-data}"
}

@ARTICLE{Gilmore2018-cb,
  title     = "Practical solutions for sharing Data and materials from
               psychological research",
  author    = "R.O. Gilmore and J.L. Kennedy, J.L. and K.E. Adolph",
  journal   = "Advances in Methods and Practices in Psychological Science",
  publisher = "SAGE Publications Inc",
  volume    =  1,
  number    =  1,
  pages     = "121--130",
  month     =  mar,
  year      =  2018,
  url       = "https://doi.org/10.1177/2515245917746500",
  issn      = "2515-2459",
  doi       = "10.1177/2515245917746500"
}


@ARTICLE{Soska2021-mh,
  title     = "(Hyper)active data curation: A video case study from behavioral
               science",
  author    = "Soska, K.C and Xu, M. and Gonzalez, S.L. and
               Herzberg, O. and Tamis-LeMonda, C.S. and Gilmore, R.O. and Adolph, K.E.",
  journal   = "Journal of escience librarianship",
  publisher = "psyarxiv.com",
  volume    =  10,
  number    =  3,
  month     =  aug,
  year      =  2021,
  url       = "http://dx.doi.org/10.7191/jeslib.2021.1208",
  keywords  = "active curation; behavioral science; data curation; identifiable
               data; video data",
  language  = "en",
  issn      = "2161-3974",
  pmid      = "34532153",
  doi       = "10.7191/jeslib.2021.1208",
  pmc       = "PMC8443153"
}
